<?xml version="1.0" encoding="UTF-8"?>
  <record xmlns="http://www.loc.gov/MARC21/slim" type="Authority">
    <leader>00000nz  a2200000oc 4500</leader>
    <controlfield tag="001">128718749</controlfield>
    <controlfield tag="003">DE-101</controlfield>
    <controlfield tag="005">20141210190200.0</controlfield>
    <controlfield tag="008">040202n||aznnnaabn           | aaa    |c</controlfield>
    <datafield tag="024" ind1="7" ind2=" ">
      <subfield code="a">128718749</subfield>
      <subfield code="0">http://d-nb.info/gnd/128718749</subfield>
      <subfield code="2">gnd</subfield>
    </datafield>
    <datafield tag="035" ind1=" " ind2=" ">
      <subfield code="a">(DE-101)128718749</subfield>
    </datafield>
    <datafield tag="035" ind1=" " ind2=" ">
      <subfield code="a">(DE-588)128718749</subfield>
    </datafield>
    <datafield tag="035" ind1=" " ind2=" ">
      <subfield code="z">(DE-588a)128718749</subfield>
      <subfield code="9">v:zg</subfield>
    </datafield>
    <datafield tag="040" ind1=" " ind2=" ">
      <subfield code="a">DE-3</subfield>
      <subfield code="c">DE-3</subfield>
      <subfield code="9">r:DE-601</subfield>
      <subfield code="b">ger</subfield>
      <subfield code="d">9999</subfield>
    </datafield>
    <datafield tag="042" ind1=" " ind2=" ">
      <subfield code="a">gnd3</subfield>
    </datafield>
    <datafield tag="075" ind1=" " ind2=" ">
      <subfield code="b">p</subfield>
      <subfield code="2">gndgen</subfield>
    </datafield>
    <datafield tag="075" ind1=" " ind2=" ">
      <subfield code="b">piz</subfield>
      <subfield code="2">gndspec</subfield>
    </datafield>
    <datafield tag="079" ind1=" " ind2=" ">
      <subfield code="a">g</subfield>
      <subfield code="q">a</subfield>
      <subfield code="q">f</subfield>
      <subfield code="u">v</subfield>
    </datafield>
    <datafield tag="100" ind1="1" ind2=" ">
      <subfield code="a">Einsiedel, Gottlob Innocenz &#152;von&#156;</subfield>
      <subfield code="d">1683-1738</subfield>
    </datafield>
    <datafield tag="400" ind1="1" ind2=" ">
      <subfield code="a">Einsiedel, Gottlob Innocentius</subfield>
      <subfield code="d">1683-1738</subfield>
    </datafield>
    <datafield tag="400" ind1="1" ind2=" ">
      <subfield code="a">Einsiedel, Gottlob Innocentius &#152;von&#156;</subfield>
      <subfield code="d">1683-1738</subfield>
    </datafield>
    <datafield tag="400" ind1="1" ind2=" ">
      <subfield code="a">Einsiedel, Gottlob Innocentius &#152;ab&#156;</subfield>
      <subfield code="d">1683-1738</subfield>
    </datafield>
    <datafield tag="400" ind1="1" ind2=" ">
      <subfield code="a">Einsiedel, Gottlob Innocenz &#152;ab&#156;</subfield>
      <subfield code="d">1683-1738</subfield>
    </datafield>
    <datafield tag="400" ind1="1" ind2=" ">
      <subfield code="a">Einsiedel, Innocenz Gottlob &#152;von&#156;</subfield>
      <subfield code="d">1683-1738</subfield>
    </datafield>
    <datafield tag="400" ind1="1" ind2=" ">
      <subfield code="a">Einsiedel, Innocentius Gottlob &#152;von&#156;</subfield>
      <subfield code="d">1683-1738</subfield>
    </datafield>
    <datafield tag="400" ind1="1" ind2=" ">
      <subfield code="a">Einsiedel, Innocentius Gottlob &#152;ab&#156;</subfield>
      <subfield code="d">1683-1738</subfield>
    </datafield>
    <datafield tag="400" ind1="1" ind2=" ">
      <subfield code="a">Einsiedel, Innocenz Gottlob &#152;ab&#156;</subfield>
      <subfield code="d">1683-1738</subfield>
    </datafield>
    <datafield tag="400" ind1="1" ind2=" ">
      <subfield code="a">Einsiedeln, Gottlob Innocenz &#152;von&#156;</subfield>
      <subfield code="d">1683-1738</subfield>
    </datafield>
    <datafield tag="400" ind1="1" ind2=" ">
      <subfield code="a">Einsiedeln, Gottlob Innocentius &#152;von&#156;</subfield>
      <subfield code="d">1683-1738</subfield>
    </datafield>
    <datafield tag="400" ind1="1" ind2=" ">
      <subfield code="a">Einsiedeln, Gottlob Innocentius &#152;ab&#156;</subfield>
      <subfield code="d">1683-1738</subfield>
    </datafield>
    <datafield tag="400" ind1="1" ind2=" ">
      <subfield code="a">Einsiedeln, Gottlob Innocenz &#152;ab&#156;</subfield>
      <subfield code="d">1683-1738</subfield>
    </datafield>
    <datafield tag="400" ind1="1" ind2=" ">
      <subfield code="a">Einsiedeln, Innocenz Gottlob &#152;von&#156;</subfield>
      <subfield code="d">1683-1738</subfield>
    </datafield>
    <datafield tag="400" ind1="1" ind2=" ">
      <subfield code="a">Einsiedeln, Innocentius Gottlob &#152;von&#156;</subfield>
      <subfield code="d">1683-1738</subfield>
    </datafield>
    <datafield tag="400" ind1="1" ind2=" ">
      <subfield code="a">Einsiedeln, Innocentius Gottlob &#152;ab&#156;</subfield>
      <subfield code="d">1683-1738</subfield>
    </datafield>
    <datafield tag="400" ind1="1" ind2=" ">
      <subfield code="a">Einsiedeln, Innocenz Gottlob &#152;ab&#156;</subfield>
      <subfield code="d">1683-1738</subfield>
    </datafield>
    <datafield tag="400" ind1="1" ind2=" ">
      <subfield code="a">Einsiedel, Gottlob Innozenz &#152;von&#156;</subfield>
      <subfield code="d">1683-1738</subfield>
    </datafield>
    <datafield tag="400" ind1="1" ind2=" ">
      <subfield code="a">Einsiedeln, Innozenz Gottlob &#152;von&#156;</subfield>
      <subfield code="d">1683-1738</subfield>
    </datafield>
    <datafield tag="400" ind1="1" ind2=" ">
      <subfield code="a">Einsiedel, Gottlieb Innocenz &#152;von&#156;</subfield>
      <subfield code="d">1683-1738</subfield>
    </datafield>
    <datafield tag="548" ind1=" " ind2=" ">
      <subfield code="a">1683-1738</subfield>
      <subfield code="4">datl</subfield>
      <subfield code="4">https://d-nb.info/standards/elementset/gnd#dateOfBirthAndDeath</subfield>
      <subfield code="w">r</subfield>
      <subfield code="i">Lebensdaten</subfield>
    </datafield>
    <datafield tag="550" ind1=" " ind2=" ">
      <subfield code="0">(DE-101)040183335</subfield>
      <subfield code="0">(DE-588)4018333-6</subfield>
      <subfield code="0">https://d-nb.info/gnd/4018333-6</subfield>
      <subfield code="a">Freiherr</subfield>
      <subfield code="4">berc</subfield>
      <subfield code="4">https://d-nb.info/standards/elementset/gnd#professionOrOccupation</subfield>
      <subfield code="w">r</subfield>
      <subfield code="i">Charakteristischer Beruf</subfield>
    </datafield>
    <datafield tag="667" ind1=" " ind2=" ">
      <subfield code="a">VD-17</subfield>
    </datafield>
    <datafield tag="670" ind1=" " ind2=" ">
      <subfield code="a">Internat. biogr. Index: Einsiedel, Gottlob Innocentius</subfield>
    </datafield>
    <datafield tag="672" ind1=" " ind2="0">
      <subfield code="a">Friese, Friedrich: Eminentissimos ... praemisso De Literariis Eremitis discursu ... - 1695</subfield>
    </datafield>
    <datafield tag="672" ind1=" " ind2="0">
      <subfield code="a">Funus Triplex quod ob praematuram mortem Adolescentum trium ... - 1696</subfield>
    </datafield>
    <datafield tag="672" ind1=" " ind2="0">
      <subfield code="a">Ultima ac filialis Pietas ... Domino Nicolao ... Libero Baroni a Gersdorff. - 1703</subfield>
    </datafield>
    <datafield tag="678" ind1=" " ind2=" ">
      <subfield code="b">kursächs. Freiherr; Schüler am Gymnasium Altenburg; kursächsischer Rat; Steuereinnehmer</subfield>
    </datafield>
    <datafield tag="913" ind1=" " ind2=" ">
      <subfield code="S">pnd</subfield>
      <subfield code="i">a</subfield>
      <subfield code="a">Einsiedel, Gottlob Innocenz /von</subfield>
      <subfield code="0">(DE-588a)128718749</subfield>
    </datafield>
  </record>
